% Templates only, copy them to sources.bib
% to use them in the thesis
@book{bookTemplate,
	author			= {},
	year			= {},
	title			= {},
	edition			= {},
	ISBN			= {},
	publisher		= {},
	address			= {},
	pages			= {}
}

@online{internetTemplate,
	author			= {},
	publisher		= {},
	title			= {},
	month			= {},
	year			= {},
	url				= {},
	urldate			= {YYYY-MM-DD}
}

@phdthesis{thesisTemplate,
	author			= {},
	title			= {},
	year			= {},
	month			= {},
	school			= {},
	type			= {},
}

@misc{miscTemplate,
    author          = {},
    title           = {},
    year           	= {},
    month        	= {},
    howpublished    = {},
    note        	= {}
}

@article{articleTemplate,
	author 			= {},
	title 			= {},
	journal 		= {},
	volume 			= {},
	year 			= {},
	number 			= {},
	pages 			= {}
}

% e.g. user manual
@manual{manualTemplate,
	title			= {},
	author			= {},
	organization	= {},
	address			= {},
	edition			= {},
	month			= {},
	year			= {}
}
